<?xml version="1.0" encoding="UTF-8"?><collection xmlns="http://www.loc.gov/MARC21/slim"><record><leader>00417nam--2200145-i-4500</leader><controlfield tag="001">000002806</controlfield><controlfield tag="002">20161230</controlfield><controlfield tag="005">20161230201025</controlfield><controlfield tag="008">060222s1000------------r-----000-0-eng-d</controlfield><datafield ind1=" " ind2=" " tag="080"><subfield code="a">513.83</subfield></datafield><datafield ind1=" " ind2=" " tag="100"><subfield code="a">Bourbaki, N</subfield></datafield><datafield ind1=" " ind2=" " tag="245"><subfield code="a">Topologie generale. chap.iii: groupes topologiques. chap.iv: nombr es reels</subfield></datafield><datafield ind1=" " ind2=" " tag="260"><subfield code="a">Paris, Hermann Et C-ie, 1947-1953</subfield></datafield><datafield ind1=" " ind2=" " tag="490"><subfield code="a">Elements Dse Mathematique, Livre Iii</subfield></datafield><datafield ind1=" " ind2=" " tag="852"><subfield code="a">10660</subfield></datafield></record></collection>